@online{kickoff,
    author = "Cph Business Academy",
    title = "Bachelor Project Kick-off Spring 2019",
    note  = "\url{https://datsoftlyngby.github.io/soft2019spring/BAP-Kick-off.pdf}",
    addendum = "(accessed: 20.10.2020)",
    keywords = "bachelor"
}



@online{studie,
    author = "Cph Business Academy",
    title = "Studieordning for professionsbacheloruddannelsen i softwareudvikling",
    note  = "\url{https://www.cphbusiness.dk/media/78341/pba_soft_cba_studieordning_2017.pdf}",
    addendum = "(accessed: 20.10.2020)",
    keywords = "bachelor"
}


@online{bekendt,
    author = "Uddannelses- og Forskningsministeriet",
    title = "BEK nr 1162 af 10/07/2020",
    note  = "\url{https://www.retsinformation.dk/eli/lta/2020/1162}",
    addendum = "(accessed: 22.10.2020)",
    keywords = "bachelor"
}


