@online{kickoff,
    author = "Unknow",
    title = "Bachelor Project Kick-off Spring 2019",
    url  = "https://datsoftlyngby.github.io/soft2019spring/BAP-Kick-off.pdf",
    addendum = "(accessed: 20.10.2020)",
    keywords = "bachelor"
}



@online{studie,
    author = "Unknow",
    title = "Studieordning for professionsbacheloruddannelsen i softwareudvikling",
    url  = "https://www.cphbusiness.dk/media/78341/pba_soft_cba_studieordning_2017.pdf",
    addendum = "(accessed: 20.10.2020)",
    keywords = "bachelor"
}


