@online{cp2018,
	author = "Christian Peters",
	title = "When to Use TDD and When Not to Use TDD",
	note = "\url{https://blog.ncrunch.net/post/when-not-to-use-tdd.aspx}",
	addendum = "(accessed: 05.12.2020)",
	keywords = "TDD"
}
@online{ss2014,
	author = "Santosh Shah",
	title = "Test Driven Development (TDD) vs Test Last Development (TLD): A comparative study",
	note = "\url{http://compilehorrors.com/test-driven-development-tdd-vs-test-last-development-tld-a-comparative-study/}",
	addendum = "(accessed: 05.12.2020)",
	keywords = "TDD"
}

@online{,
	author = "sr2019",
	title = "Why We Shouldnâ€™t Use TDD",
	note = "\url{https://medium.com/@sredmond/why-we-shouldnt-use-tdd-fcd12992d093}",
	addendum = "(accessed: 05.12.2020)",
	keywords = "!TDD"
}

@online{sh2015,
	author = "Simon Hill",
	title = "The Pros and Cons of Test-Driven Development",
	note = "\url{https://leantesting.com/test-driven-development/}",
	addendum = "(accessed: 06.12.2020)",
	keywords = "TDD"
}






@online{,
	author = "",
	title = "",
	note = "\url{}",
	addendum = "(accessed: 05.12.2020)",
	keywords = "TDD"
}